	  @TechReport{petsc-user-ref,
            author = {Satish Balay and Shrirang Abhyankar and Barry~F. Smith},
            title  = {{PETS}c Users Manual},
            institution = {Argonne National Laboratory},
            year   = 2016,
            number = {ANL-95/11 - Revision 3.7},
            url    = {http://www.mcs.anl.gov/petsc}
          }

          @Book{bueler:2017,
            author = {Ed Bueler},
            title  = {PETSc for Partial Differential Equations },
            year   = 2018,
            publisher  = {SIAM}
          }